@Book{xie2015,
  title = {Dynamic Documents with {R} and knitr},
  author = {Yihui Xie},
  publisher = {Chapman and Hall/CRC},
  address = {Boca Raton, Florida},
  year = {2015},
  edition = {2nd},
  note = {ISBN 978-1498716963},
  url = {http://yihui.name/knitr/},
}



@misc{visualization_eval,
  title = {Data Visualization and Evaluation},
  author = {Azzam T,Evergreen S,Kistler S J},
  year = {2013},
  url = {https://dmlcommons.net/wp-content/uploads   /2015/12/data_visualization_evaluation.pdf},
note = {Accessed: 2019-04-12},
}

@misc{Global,
author = {ZEKE HAUSFATHER},
year = {2017},
title = {Analysis: Why scientists think 100% of global warming is due to humans},
url = {https://www.carbonbrief.org/analysis-why-scientists-think-100-of-global-warming-is-due-to-humans},
note = {Accessed: 2019-04-12},
}


@misc{Co2,
author = {NASA Global Climate Change},
year = {2019},
title = {Climate change: How do we know?},
url = {https://climate.nasa.gov/evidence/?text=Larger},
note = {Accessed: 2019-04-12},
}
 

@misc{Eval_Viz,
author = {Cecillia Aragon},
title = {How to Evaluate a Visualisation[Video file]},
year = {2017},
url = {https://www.coursera.org/lecture/data-results/14-evaluating-visualizations-IBuU3},
note = {Accessed: 2019-04-10},
}


@misc{ClimateMyth,
author = {Fred Pearce},
year = {2007},
title = {Climate myths: Global warming is down to the Sun, not humans},
url = {https://www.newscientist.com/article/dn11650-climate-myths-global-warming-is-down-to-the-sun-not-humans/},
note = {Accessed: 2019-04-12},
}



@misc{NotHuman,
author = {Nicolas Loris},
year = {2009},
title = {Manâ€™s Contribution to Global Warming},
url = {https://www.dailysignal.com/2009/03/27/man%E2%80%99s-contribution-to-global-warming/},
note = {Accessed: 2019-04-12},
}

@misc{NASA,
author = {RTCC Staff},
year = {2012},
title = {NASA: Human activity cause of climate change},
url = {https://www.climatechangenews.com/2012/02/01/nasa-humans-not-sun-changing-earths-temperature/},
note = {Accessed: 2019-04-12},
}

@misc{Land_Ocean,
author = {Australian Academy of Science},
title = {3. Are human activities causing climate change?},
year= {2013},
url = {https://www.science.org.au/learning/general-audience/science-booklets-0/science-climate-change/3-are-human-activities-causing},
note = {Accessed: 2019-04-12},
}


@misc{NOAA,
author = {NOAA National Centers for Environmental information},
title = {Climate at a Glance: National Time Series},
year= {2019},
url = {https://www.ncdc.noaa.gov/cag/},
note = {Accessed: 2019-04-14},
}

@misc{Intro,
author = {Stephanie Evergreen},
title = {Visualise data. BetterEvaluation.},
year= {2014},
url = {http://betterevaluation.org/plan/describe/visualise_data},
note = {Accessed: 2019-04-14},
}

}






